<?xml version="1.0" encoding="utf-8"?>
<record xmlns="http://www.loc.gov/MARC21/slim" xmlns:xsi="http://www.w3.org/2001/XMLSchema-instance" xsi:schemaLocation="http://www.loc.gov/MARC21/slim http://www.loc.gov/standards/marcxml/schema/MARC21slim.xsd">
	<leader>     nam a22        4500</leader>
	<controlfield tag="001">2537649</controlfield>
	<controlfield tag="003">NNC</controlfield>
	<controlfield tag="006">m        d        </controlfield>
	<controlfield tag="007">cr cn |||m|||a</controlfield>
	<controlfield tag="008">160519r1963uuuuiq      o     000 0 arar </controlfield>
	<datafield ind1=" " ind2=" " tag="040">
		<subfield code="a">NNU</subfield>
		<subfield code="b">eng</subfield>
		<subfield code="e">rda</subfield>
		<subfield code="c">NNU</subfield>
	</datafield>
	<datafield ind1="0" ind2="4" tag="050">
		<subfield code="a">DT96</subfield>
		<subfield code="b">.Z251894a</subfield>
	</datafield>
	<datafield ind1="1" ind2=" " tag="100">
		<subfield code="6">880-01</subfield>
		<subfield code="a">Ẓāhirī, Ghars al-Dīn Khalīl ibn Shāhīn,</subfield>
		<subfield code="d">1410 or 11-1467 or 8.</subfield>
	</datafield>
	<datafield ind1="1" ind2="0" tag="245">
		<subfield code="6">880-02</subfield>
		<subfield code="a">Kitāb zubdah kashf al-mamālik wa-bayān al-ṭuruq wa-al-masālik =</subfield>
		<subfield code="b">Zoubdat kachf el-mamâlik : Tableau politique et administratif de l'Égypte, de la Syrie et du Ḥidjâz sous la domination des Sultans Mamloûks du xiii au xv siècle /</subfield>
		<subfield code="c">par Khalîl eḍ-Ḍâhiry ; Texte arabe publié par Paul Ravaisse . Paris, E. Leroux, 1894.</subfield>
	</datafield>
	<datafield ind1="3" ind2=" " tag="246">
		<subfield code="6">880-03</subfield>
		<subfield code="a">Zubdat kashf almamālik</subfield>
	</datafield>
	<datafield ind1=" " ind2=" " tag="260">
		<subfield code="6">880-04</subfield>
		<subfield code="a">[Baghdād],</subfield>
		<subfield code="b">[Maktabat al-Muthanna],</subfield>
		<subfield code="c">[1963?]</subfield>
	</datafield>
	<datafield ind1=" " ind2=" " tag="300">
		<subfield code="a">online resource (157 pages)</subfield>
	</datafield>
	<datafield ind1=" " ind2=" " tag="336">
		<subfield code="a">text</subfield>
		<subfield code="2">rdacontent</subfield>
	</datafield>
	<datafield ind1=" " ind2=" " tag="337">
		<subfield code="a">computer</subfield>
		<subfield code="2">rdamedia</subfield>
	</datafield>
	<datafield ind1=" " ind2=" " tag="338">
		<subfield code="a">online resource</subfield>
		<subfield code="2">rdacarrier</subfield>
	</datafield>
	<datafield ind1=" " ind2=" " tag="500">
		<subfield code="a">Added t.p.: Kitāb Zubdat kashf al-mamālik wa-bayān al-ṭuruq wa-al-masālik, taʼlīf Ghars al-Dīn Khalīl ibn Shāhīn al-Ẓāhirī.</subfield>
	</datafield>
	<datafield ind1=" " ind2=" " tag="500">
		<subfield code="a">Part of the Arabic Collections Online (ACO) project, contributed by Columbia University Libraries.</subfield>
	</datafield>
	<datafield ind1=" " ind2=" " tag="533">
		<subfield code="a">Electronic reproduction.</subfield>
		<subfield code="b">New York, N.Y. :</subfield>
		<subfield code="c">New York University,</subfield>
		<subfield code="d">2016.</subfield>
		<subfield code="5">NNU</subfield>
	</datafield>
	<datafield ind1=" " ind2="0" tag="650">
		<subfield code="a">Mamelukes</subfield>
		<subfield code="x">History</subfield>
		<subfield code="v">Sources.</subfield>
	</datafield>
	<datafield ind1=" " ind2="7" tag="650">
		<subfield code="a">Mamelukes.</subfield>
		<subfield code="2">fast</subfield>
		<subfield code="0">(OCoLC)fst01006922</subfield>
	</datafield>
	<datafield ind1=" " ind2="7" tag="655">
		<subfield code="a">History.</subfield>
		<subfield code="2">fast</subfield>
		<subfield code="0">(OCoLC)fst01411628</subfield>
	</datafield>
	<datafield ind1=" " ind2="7" tag="655">
		<subfield code="a">Sources.</subfield>
		<subfield code="2">fast</subfield>
		<subfield code="0">(OCoLC)fst01423900</subfield>
	</datafield>
	<datafield ind1="1" ind2=" " tag="700">
		<subfield code="a">Ravaisse, Paul,</subfield>
		<subfield code="e">editor.</subfield>
	</datafield>
	<datafield ind1="2" ind2=" " tag="710">
		<subfield code="a">Columbia University.</subfield>
		<subfield code="b">Libraries.</subfield>
	</datafield>
	<datafield ind1="0" ind2=" " tag="730">
		<subfield code="a">Arabic Collections Online.</subfield>
	</datafield>
	<datafield ind1="0" ind2="8" tag="776">
		<subfield code="i">Print version:</subfield>
		<subfield code="a">Ẓāhirī, Ghars al-Dīn Khalīl ibn Shāhīn, 1410 or 11-1467 or 8.</subfield>
		<subfield code="t">Kitāb zubdah kashf al-mamālik wa-bayān al-ṭuruq wa-al-masālik =</subfield>
		<subfield code="w">(NNC)2537649</subfield>
		<subfield code="w">(DLC)ne 65000705 </subfield>
		<subfield code="w">(OCoLC)9834615</subfield>
	</datafield>
	<datafield ind1="4" ind2="0" tag="856">
		<subfield code="u">http://hdl.handle.net/2333.1/9zw3r4nj</subfield>
	</datafield>
	<datafield ind1="1" ind2=" " tag="880">
		<subfield code="6">100-01</subfield>
		<subfield code="a">ظاهري، غرس الدين خليل بن شاهين،</subfield>
		<subfield code="d">1410 or 11-1467 or 8.</subfield>
	</datafield>
	<datafield ind1="1" ind2="0" tag="880">
		<subfield code="6">245-02</subfield>
		<subfield code="a">كتاب زبدة كشف الممالك وبيان الطرق والمسالك =</subfield>
		<subfield code="b">=</subfield>
		<subfield code="b">Zoubdat kachf el-mamâlik : Tableau politique et administratif de l'Égypte, de la Syrie et du Ḥidjâz sous la domination des Sultans Mamloûks du xiii au xv siècle /</subfield>
		<subfield code="c">par Khalîl eḍ-Ḍâhiry ; Texte arabe publié par Paul Ravaisse . Paris, E. Leroux, 1894.</subfield>
	</datafield>
	<datafield ind1="3" ind2=" " tag="880">
		<subfield code="6">246-03</subfield>
		<subfield code="a">زبدة كشف الممالك</subfield>
	</datafield>
	<datafield ind1=" " ind2=" " tag="880">
		<subfield code="6">260-04</subfield>
		<subfield code="a">[بغداد]،</subfield>
		<subfield code="b">[مكتبة المثنى]،</subfield>
		<subfield code="c">[1963؟]</subfield>
	</datafield>
	<datafield ind1=" " ind2=" " tag="959">
		<subfield code="a">NNU</subfield>
		<subfield code="b">WEB</subfield>
		<subfield code="c">GENI</subfield>
		<subfield code="t">0</subfield>
		<subfield code="m">Electronic access</subfield>
		<subfield code="s">01</subfield>
	</datafield>
	<datafield ind1=" " ind2=" " tag="999">
		<subfield code="i">NNC_2537649</subfield>
		<subfield code="o">(OCoLC)ocm09834615</subfield>
		<subfield code="s">columbia_aco001189</subfield>
		<subfield code="e">(ERROR-880)</subfield>
		<subfield code="s">columbia_aco001189</subfield>
	</datafield>
</record>
